@article{Peng.2006,
author = {Peng, Roger D. and Dominici, Francesca and Louis, Thomas A.},
title = {Model choice in time series studies of air pollution and mortality},
journal = {Journal of the Royal Statistical Society: Series A (Statistics in Society)},
volume = {169},
number = {2},
pages = {179-203},
keywords = {Air pollution, Log-linear regression, Mortality, Semiparametric regression, Time series},
url = {https://doi.org/10.1111/j.1467-985X.2006.00410.x},
eprint = {https://rss.onlinelibrary.wiley.com/doi/pdf/10.1111/j.1467-985X.2006.00410.x},
year = {2006}
}

@article{Koo.2020,
  title={Prediction of Air Pollution Index in Kuala Lumpur using fuzzy time series and statistical models},
  author={Koo, Jian Wei and Wong, Shin Wee and Selvachandran, Ganeshsree and Long, Hoang Viet and Son, Le Hoang},
  journal={Air Quality, Atmosphere \& Health},
  volume={13},
  number={1},
  pages={77--88},
  year={2020},
  publisher={Springer},
  url={https://doi.org/10.1007/s11869-019-00772-y}
}

@article{Espinosa.2021,
title = {A time series forecasting based multi-criteria methodology for air quality prediction},
journal = {Applied Soft Computing},
volume = {113},
pages = {107850},
year = {2021},
issn = {1568-4946},
url = {https://doi.org/10.1016/j.asoc.2021.107850},
author = {Raquel Espinosa and José Palma and Fernando Jiménez and Joanna Kamińska and Guido Sciavicco and Estrella Lucena-Sánchez},
keywords = {Air quality, Multivariate time series forecasting, Deep learning, Multi-criteria decision support systems},
}

@article{Dominici.2002,
    author = {Dominici, Francesca and McDermott, Aidan and Zeger, Scott L. and Samet, Jonathan M.},
    title = "{On the Use of Generalized Additive Models in Time-Series Studies of Air Pollution and Health}",
    journal = {American Journal of Epidemiology},
    volume = {156},
    number = {3},
    pages = {193-203},
    year = {2002},
    month = {08},
    issn = {0002-9262},
    doi = {10.1093/aje/kwf062},
    url = {https://doi.org/10.1093/aje/kwf062},
    eprint = {https://academic.oup.com/aje/article-pdf/156/3/193/159269/kwf062.pdf},
}


@article{Dincer.2018,
title = {A new fuzzy time series model based on robust clustering for forecasting of air pollution},
journal = {Ecological Informatics},
volume = {43},
pages = {157-164},
year = {2018},
issn = {1574-9541},
url = {https://doi.org/10.1016/j.ecoinf.2017.12.001},
author = {Nevin {Güler Dincer} and Özge Akkuş},
keywords = {Fuzzy time series, Time series analysis, Clustering analysis, Fuzzy K-Medoid clustering, Forecasting, Air pollution},
}

@article{Reikard.2019,
title = {Volcanic emissions and air pollution: Forecasts from time series models},
journal = {Atmospheric Environment: X},
volume = {1},
pages = {100001},
year = {2019},
issn = {2590-1621},
doi = {https://doi.org/10.1016/j.aeaoa.2018.100001},
url = {https://www.sciencedirect.com/science/article/pii/S2590162118300017},
author = {Gordon Reikard},
keywords = {Volcanic emissions, Air pollution, Time series models},
}

@article {Fang.2016,
author = {Fang, Xin and Li, Runkui and Kan, Haidong and Bottai, Matteo and Fang, Fang and Cao, Yang},
title = {Bayesian model averaging method for evaluating associations between air pollution and respiratory mortality: a time-series study},
volume = {6},
number = {8},
year = {2016},
doi = {10.1136/bmjopen-2016-011487},
publisher = {British Medical Journal Publishing Group},
issn = {2044-6055},
url = {https://bmjopen.bmj.com/content/6/8/e011487},
journal = {BMJ Open}
}

@article{Niska.2004,
title = {Evolving the neural network model for forecasting air pollution time series},
journal = {Engineering Applications of Artificial Intelligence},
volume = {17},
number = {2},
pages = {159-167},
year = {2004},
note = {Intelligent Control and Signal Processing},
issn = {0952-1976},
url = {https://doi.org/10.1016/j.engappai.2004.02.002},
author = {Harri Niska and Teri Hiltunen and Ari Karppinen and Juhani Ruuskanen and Mikko Kolehmainen},
keywords = {Feed-forward networks, Time series forecasting, Parallel genetic algorithms, Urban air pollution},
}

@article{Shahriar.2020,
  title={Applicability of machine learning in modeling of atmospheric particle pollution in Bangladesh},
  author={Shahriar, Shihab Ahmad and Kayes, Imrul and Hasan, Kamrul and Salam, Mohammed Abdus and Chowdhury, Shawan},
  journal={Air Quality, Atmosphere \& Health},
  volume={13},
  number={10},
  pages={1247--1256},
  url={https://doi.org/10.1007/s11869-020-00878-8},
  year={2020},
  publisher={Springer}
}

@article{Chen.2018,
title = {Time series prediction of CO2, TVOC and HCHO based on machine learning at different sampling points},
journal = {Building and Environment},
volume = {146},
pages = {238-246},
year = {2018},
issn = {0360-1323},
url = {https://doi.org/10.1016/j.buildenv.2018.09.054},
author = {Shisheng Chen and Kuniaki Mihara and Jianxiu Wen}
}

@article{Dunea.2015,
  title={Using wavelet--feedforward neural networks to improve air pollution forecasting in urban environments},
  author={Dunea, Daniel and Pohoata, Alin and Iordache, Stefania},
  journal={Environmental monitoring and assessment},
  volume={187},
  number={7},
  pages={1--16},
  year={2015},
  url={https://doi.org/10.1007/s10661-015-4697-x},
  publisher={Springer}
}

@article{Wang.2008,
title = {Online prediction model based on support vector machine},
journal = {Neurocomputing},
volume = {71},
number = {4},
pages = {550-558},
year = {2008},
note = {Neural Networks: Algorithms and Applications 50 Years of Artificial Intelligence: a Neuronal Approach},
issn = {0925-2312},
url = {https://doi.org/10.1016/j.neucom.2007.07.020},
author = {Wenjian Wang and Changqian Men and Weizhen Lu},
keywords = {Air pollutant, Online model, Prediction performance, Support vector machine, Time-series forecasting},
}

@article{Lei.2020,
  title={Prediction of PM2. 5 concentration considering temporal and spatial features: A case study of Fushun, Liaoning Province},
  author={Lei, Fei and Dong, Xueying and Ma, Xiaohe},
  journal={Journal of Intelligent \& Fuzzy Systems},
  number={Preprint},
  pages={1--11},
  year={2020},
  url={https://doi.org/10.3233/JIFS-201515},
  publisher={IOS Press}
}

@article{Staffogia.2019,
title = {Estimation of daily PM10 and PM2.5 concentrations in Italy, 2013–2015, using a spatiotemporal land-use random-forest model},
journal = {Environment International},
volume = {124},
pages = {170-179},
year = {2019},
issn = {0160-4120},
url = {https://doi.org/10.1016/j.envint.2019.01.016},
author = {Massimo Stafoggia and Tom Bellander and Simone Bucci and Marina Davoli and Kees {de Hoogh} and Francesca {de' Donato} and Claudio Gariazzo and Alexei Lyapustin and Paola Michelozzi and Matteo Renzi and Matteo Scortichini and Alexandra Shtein and Giovanni Viegi and Itai Kloog and Joel Schwartz}
}

@article{Soh.2018,
  author={P. {Soh} and J. {Chang} and J. {Huang}},
  journal={IEEE Access}, 
  title={Adaptive Deep Learning-Based Air Quality Prediction Model Using the Most Relevant Spatial-Temporal Relations}, 
  year={2018},
  volume={6},
  url={https://ieeexplore.ieee.org/document/8392677},
  pages={38186-38199},}
  
@article{Jones.2001,
title={An environmental risk assessment/management framework for climate change impact assessments},
author={Jones, Roger N},
journal={Natural hazards},
volume={23},
number={2},
pages={197--230},
year={2001},
url={https://doi.org/10.1023/A:1011148019213},
publisher={Springer}
}

@misc{UN.2015, 
title={Climate change – United Nations Sustainable Development}, 
url={https://www.un.org/sustainabledevelopment/climate-change/}, 
journal={United Nations}, 
publisher={United Nations}
} 


@article{Gomes.2019,
  title={Computational sustainability: Computing for a better world and a sustainable future},
  author={Gomes, Carla and Dietterich, Thomas and Barrett, Christopher and Conrad, Jon and Dilkina, Bistra and Ermon, Stefano and Fang, Fei and Farnsworth, Andrew and Fern, Alan and Fern, Xiaoli and others},
  journal={Communications of the ACM},
  volume={62},
  number={9},
  pages={56--65},
  year={2019},
  publisher={ACM New York, NY, USA},
  url={https://doi.org/10.1145/3339399}
}

@article{Nath.2021, 
title={Long-term time-series pollution forecast using statistical and deep learning methods}, volume={33}, 
url={https://doi.org/10.1007/s00521-021-05901-2}, 
number={19}, 
journal={Neural Computing and Applications}, 
author={Nath, Pritthijit and Saha, Pratik and Middya, Asif Iqbal and Roy, Sarbani}, 
year={2021}, 
pages={12551–-12570}
}

@inproceedings{Vaswani.2017,
  title={Attention is all you need},
  author={Vaswani, Ashish and Shazeer, Noam and Parmar, Niki and Uszkoreit, Jakob and Jones, Llion and Gomez, Aidan N and Kaiser, {\L}ukasz and Polosukhin, Illia},
  booktitle={Advances in neural information processing systems},
  pages={5998--6008},
  year={2017},
  url={https://arxiv.org/abs/1706.03762}
}


@InProceedings{Parmer.2018,
  title = 	 {Image Transformer},
  author =       {Parmar, Niki and Vaswani, Ashish and Uszkoreit, Jakob and Kaiser, Lukasz and Shazeer, Noam and Ku, Alexander and Tran, Dustin},
  booktitle = 	 {Proceedings of the 35th International Conference on Machine Learning},
  pages = 	 {4055--4064},
  year = 	 {2018},
  editor = 	 {Dy, Jennifer and Krause, Andreas},
  volume = 	 {80},
  series = 	 {Proceedings of Machine Learning Research},
  month = 	 {10--15 Jul},
  publisher =    {PMLR},
  url = 	 {https://proceedings.mlr.press/v80/parmar18a.html},
}



@misc{Kaggle.Skopje, 
title={Air pollution in Skopje from 2008 to 2018}, 
url={https://www.kaggle.com/cokastefan/pm10-pollution-data-in-skopje-from-2008-to-2018}, journal={Kaggle}, 
author={Petrushevski, Stefan}, 
year={2018}, 
month={Mar}
}

@misc{Kaggle.Ulaanbaatar, 
title={Ulaanbaatar Particulate Matter Pollution 2015-2018}, 
url={https://www.kaggle.com/robertritz/ulaanbaatar-particulate-matter},
ournal={Kaggle}, 
author={Ritz, Robert}, 
year={2018}, 
month={Nov}
} 

@misc{Kaggle.Delhi, 
title={Air Quality Data in India (2015 - 2020)}, 
url={https://www.kaggle.com/rohanrao/air-quality-data-in-india}, 
journal={Kaggle}, 
author={Vopani}, 
year={2020}, 
month={Jul}
}

@misc{Kaggle.Seoul, 
title={Air Pollution in Seoul}, 
url={https://www.kaggle.com/bappekim/air-pollution-in-seoul}, 
journal={Kaggle}, 
author={Bappe}, 
year={2020}, 
month={Apr}
} 

@misc{CPCB,
  author = {{Ministry of Environment, Forest and Climate Change}},
  title={Central Control Room for Air Quality Management},
  howpublished = {\url{https://cpcb.nic.in/}},
}

@manual{AirNow,
  title  = {Air Now International US Embassies and Consulates},
  author = {{US Department of State}},
  url    = {https://www.airnow.gov/international/us-embassies-and-consulates/}
}

@misc{Kazemi.2019,
title={Time2Vec: Learning a Vector Representation of Time}, 
author={Seyed Mehran Kazemi and Rishab Goel and Sepehr Eghbali and Janahan Ramanan and Jaspreet Sahota and Sanjay Thakur and Stella Wu and Cathal Smyth and Pascal Poupart and Marcus Brubaker},
year={2019},
url={https://arxiv.org/abs/1907.05321},
}

@inproceedings{He.2015,
  title={Delving deep into rectifiers: Surpassing human-level performance on imagenet classification},
  author={He, Kaiming and Zhang, Xiangyu and Ren, Shaoqing and Sun, Jian},
  booktitle={Proceedings of the IEEE international conference on computer vision},
  pages={1026--1034},
  year={2015},
  url={https://openaccess.thecvf.com/content_iccv_2015/html/He_Delving_Deep_into_ICCV_2015_paper.html}
}

@article{Kingma.2014,
  title={Adam: A method for stochastic optimization},
  author={Kingma, Diederik P and Ba, Jimmy},
  journal={arXiv preprint arXiv:1412.6980},
  year={2014},
  url={https://arxiv.org/abs/1412.6980}
}

@misc{UCI.2017,
author = "Dua, Dheeru and Graff, Casey",
year = "2017",
title = "{UCI} Machine Learning Repository",
url = "http://archive.ics.uci.edu/ml",
institution = "University of California, Irvine, School of Information and Computer Sciences" }

@article{Zhang.2017,
  title={Cautionary tales on air-quality improvement in Beijing},
  author={Zhang, Shuyi and Guo, Bin and Dong, Anlan and He, Jing and Xu, Ziping and Chen, Song Xi},
  journal={Proceedings of the Royal Society A: Mathematical, Physical and Engineering Sciences},
  volume={473},
  number={2205},
  pages={20170457},
  year={2017},
  publisher={The Royal Society Publishing}
}
 

