@book{Newton.1883,
  title={Philosophiae naturalis principia mathematica},
  author={Newton, Isaac},
  volume={1},
  year={1833},
  publisher={G. Brookman}
}

